@inproceedings{Deka:2017:Rico,
author = {Deka, Biplab and Huang, Zifeng and Franzen, Chad and Hibschman, Joshua and Afergan, Daniel and Li, Yang and Nichols, Jeffrey and Kumar, Ranjitha},
booktitle = {Proceedings of the 30th Annual Symposium on User Interface Software and Technology},
file = {:Users/jk/Documents/Uni/master/refs/review/rico.pdf:pdf},
keywords = {Mobile app design; design mining; design search; a},
mendeley-groups = {Master Thesis},
series = {UIST '17},
title = {{Rico: A Mobile App Dataset for Building Data-Driven Design Applications}},
year = {2017}
}
